<collection xmlns="http://www.loc.gov/MARC21/slim">
<record>
  <leader>00677nam0a22001331i 450 </leader>
  <controlfield tag="001">IT\ICCU\CNCE\073968</controlfield>
  <controlfield tag="005">20090512000000.0</controlfield>
  <datafield tag="100" ind1=" " ind2=" ">
    <subfield code="a">20090512d1599        0itac0103    ba</subfield>
  </datafield>
  <datafield tag="101" ind1=" " ind2=" ">
    <subfield code="a">LAT</subfield>
  </datafield>
  <datafield tag="102" ind1=" " ind2=" ">
    <subfield code="a">IT</subfield>
  </datafield>
  <datafield tag="200" ind1="1" ind2=" ">
    <subfield code="a">Erectio et institutio Prouinciae, seu Congregationis fratrum Reformatorum &amp; discalceatorum ordinis sanctissimae trinitatis redemptionis captiuorum primaeuam regulam eiusdem ordinis ... per sdn Clementem pp. VIII, ex sententia venerabilium fratrum quorum s.r.e. cardinalium sacrae congregationis super negotijs episcoporum  &amp; regularium, ac etiam motuproprio facta</subfield>
  </datafield>
  <datafield tag="210" ind1=" " ind2=" ">
    <subfield code="a">Romae</subfield>
    <subfield code="c">apud impressores Camerales</subfield>
    <subfield code="d">1599</subfield>
  </datafield>
  <datafield tag="215" ind1=" " ind2=" ">
    <subfield code="a">\4! c.</subfield>
    <subfield code="d">4ʻ</subfield>
  </datafield>
  <datafield tag="801" ind1=" " ind2="3">
    <subfield code="a">IT</subfield>
    <subfield code="b">ICCU</subfield>
    <subfield code="c">20201115</subfield>
  </datafield>
</record>
</collection>
